@article{Mike_Loukides,_Steve_Swoyer_2023_oreilly,
	author	={Mike Loukides, Steve Swoyer},
	title	={Microservices Adoption in 2020 – O’Reilly},
	year	={2023},
	url	={https://www.oreilly.com/radar/microservices-adoption-in-2020/}
	}
